@inproceedings{lin:2018:ghtc,
title = {Natural Language Processing for Analyzing Disaster Recovery Trends Expressed in Large Text Corpora},
author = {Lucy H. Lin and Scott B. Miles and Noah A. Smith},
booktitle = {IEEE Global Humanitarian Technology Conference},
year = {2018},
month = {October},
address = {San Jose, California},
url = {https://homes.cs.washington.edu/~nasmith/papers/lin+miles+smith.ghtc18.pdf}}


@inproceedings{clark:2018:iui,
title = {Creative Writing with a Machine in the Loop: Case Studies on Slogans and Stories},
author = {Elizabeth Clark and Anne Spencer Ross and Chenhao Tan and Yangfeng Ji and Noah A. Smith},
year = {2018},
address = {Tokyo, Japan},
month = {March},
url = {http://homes.cs.washington.edu/~nasmith/papers/clark+ross+tan+ji+smith.iui18.pdf},
booktitle = {Proceedings of the Conference on Intelligent User Interfaces}}


@misc{press:2018:attention,
title = {You May Not Need Attention},
author = {Ofir Press and Noah A. Smith},
year = {2018},
month = {October},
url = {https://arxiv.org/pdf/1810.13409}}

